<?xml version='1.0' encoding='UTF-8'?>
<record xmlns="http://www.loc.gov/MARC21/slim">
  <leader>02925cam a2200517 a 4500</leader>
  <controlfield tag="001">460765</controlfield>
  <controlfield tag="003">NjP</controlfield>
  <controlfield tag="005">20170905102824.0</controlfield>
  <controlfield tag="008">880811m19879999ir       b    000 0 ara d</controlfield>
  <datafield tag="024" ind1="7" ind2=" ">
    <subfield code="a">princeton_aco001416</subfield>
    <subfield code="2">local</subfield>
  </datafield>
  <datafield ind1=" " ind2=" " tag="035">
    <subfield code="a">(OCoLC)ocn175417798</subfield>
  </datafield>
  <datafield ind1=" " ind2=" " tag="035">
    <subfield code="a">(OCoLC)22324486</subfield>
  </datafield>
  <datafield ind1=" " ind2=" " tag="035">
    <subfield code="a">460765</subfield>
  </datafield>
  <datafield ind1=" " ind2=" " tag="040">
    <subfield code="a">NjP</subfield>
    <subfield code="c">PUL</subfield>
    <subfield code="d">PUL</subfield>
  </datafield>
  <datafield ind1=" " ind2=" " tag="035">
    <subfield code="a">(OCoLC)175417798</subfield>
  </datafield>
  <datafield ind1=" " ind2=" " tag="035">
    <subfield code="a">(CStRLIN)NJPG88-B40403</subfield>
  </datafield>
  <datafield ind1=" " ind2=" " tag="035">
    <subfield code="9">ACD6416TS</subfield>
  </datafield>
  <datafield ind1=" " ind2=" " tag="035">
    <subfield code="a">(NjP)460765</subfield>
  </datafield>
  <datafield ind1=" " ind2=" " tag="079">
    <subfield code="a">ocm22324486</subfield>
  </datafield>
  <datafield ind1=" " ind2=" " tag="049">
    <subfield code="a">PULL</subfield>
  </datafield>
  <datafield ind1="1" ind2=" " tag="100">
    <subfield code="6">880-01</subfield>
    <subfield code="a">Ṭabarsī, Ḥusayn Taqī al-Nūrī,</subfield>
    <subfield code="d">ca. 1838-1902.</subfield>
    <subfield code="0">http://id.loc.gov/authorities/names/n85120125</subfield>
  </datafield>
  <datafield ind1="1" ind2="0" tag="245">
    <subfield code="6">880-02</subfield>
    <subfield code="a">Mustadrak al-Wasāʼil wa-mustanbaṭ al-masāʼil /</subfield>
    <subfield code="c">taʼlīf Ḥusayn al-Nūrī al-Ṭabarsī ; taḥqīq Muʼassasat Āl al-Bayt li-Iḥyāʼ al-Turāth.</subfield>
  </datafield>
  <datafield ind1="3" ind2=" " tag="246">
    <subfield code="6">880-03</subfield>
    <subfield code="a">Khātimat Mustadrak al-Wasāʼil</subfield>
  </datafield>
  <datafield ind1=" " ind2=" " tag="260">
    <subfield code="6">880-04</subfield>
    <subfield code="a">Qum :</subfield>
    <subfield code="b">al-Muʼassasah,</subfield>
    <subfield code="c">1407- [1986 or 1987- ]</subfield>
  </datafield>
  <datafield ind1=" " ind2=" " tag="300">
    <subfield code="a">v. ;</subfield>
    <subfield code="c">25 cm.</subfield>
  </datafield>
  <datafield ind1="1" ind2=" " tag="490">
    <subfield code="6">880-05</subfield>
    <subfield code="a">Muʼassasat Āl al-Bayt li-Iḥyāʼ al-Turāth ;</subfield>
    <subfield code="v">12-35</subfield>
  </datafield>
  <datafield ind1=" " ind2=" " tag="500">
    <subfield code="a">Supplement to Muḥammad ibn al-Ḥasan al-Ḥurr al-ʻĀmilī's Wasāʼil al-Shīʻah ilá taḥṣīl masāʼil al-sharīʻah.</subfield>
  </datafield>
  <datafield ind1=" " ind2=" " tag="500">
    <subfield code="6">880-06</subfield>
    <subfield code="a">Vols. 19-25 have title: Khātimat Mustadrak al-Wasāʼil.</subfield>
  </datafield>
  <datafield ind1=" " ind2=" " tag="504">
    <subfield code="a">Includes bibliographical references.</subfield>
  </datafield>
  <datafield ind1=" " ind2="0" tag="650">
    <subfield code="a">Ḥadith (Shiites)</subfield>
    <subfield code="x">Early works to 1800.</subfield>
  </datafield>
  <datafield ind1="1" ind2=" " tag="700">
    <subfield code="6">880-07</subfield>
    <subfield code="a">Ḥurr al-ʻĀmilī, Muḥammad ibn al-Ḥasan,</subfield>
    <subfield code="d">1624-1693.</subfield>
    <subfield code="t">Wasāʼil al-Shīʻah ilʻa taḥṣīl masāʼil al-sharīʻah.</subfield>
    <subfield code="0">http://id.loc.gov/authorities/names/n85331643</subfield>
  </datafield>
  <datafield ind1="2" ind2=" " tag="710">
    <subfield code="6">880-08</subfield>
    <subfield code="a">Muʼassasat Āl al-Bayt li-Iḥyāʼ al-Turāth.</subfield>
    <subfield code="0">http://id.loc.gov/authorities/names/n85097993</subfield>
  </datafield>
  <datafield ind1=" " ind2="0" tag="830">
    <subfield code="6">880-09</subfield>
    <subfield code="a">Muʼassasat Āl al-Bayt li-Iḥyāʼ al-Turāth (Series) ;</subfield>
    <subfield code="v">12-35</subfield>
  </datafield>
  <datafield ind1="1" ind2=" " tag="880">
    <subfield code="6">100-01/r</subfield>
    <subfield code="a">طبرسي، حسين تقي النوري،</subfield>
    <subfield code="d">ca. 1838-1902.</subfield>
  </datafield>
  <datafield ind1="1" ind2="0" tag="880">
    <subfield code="6">245-02/r</subfield>
    <subfield code="a">مستدرك الوسائل ومستنبط المسائل /</subfield>
    <subfield code="c">تأليف حسين النوري الطبرسي ؛ تحقيق مؤسسة آل البيت لاحياء التراث.</subfield>
  </datafield>
  <datafield ind1="3" ind2=" " tag="880">
    <subfield code="6">246-03/r</subfield>
    <subfield code="a">خاتمة مستدرك الوسائل</subfield>
  </datafield>
  <datafield ind1=" " ind2=" " tag="880">
    <subfield code="6">260-04/r</subfield>
    <subfield code="a">قم :</subfield>
    <subfield code="b">المؤسسة،</subfield>
    <subfield code="c">1407- [1986 or 1987- ]</subfield>
  </datafield>
  <datafield ind1="1" ind2=" " tag="880">
    <subfield code="6">490-05/r</subfield>
    <subfield code="a">مؤسسة آل البيت لاحياء التراث ؛</subfield>
    <subfield code="v">12-35</subfield>
  </datafield>
  <datafield ind1=" " ind2=" " tag="880">
    <subfield code="6">500-06/r</subfield>
    <subfield code="a">Vols. 19-25 have title: خاتمة مستدرك الوسائل.</subfield>
  </datafield>
  <datafield ind1="1" ind2=" " tag="880">
    <subfield code="6">700-07/r</subfield>
    <subfield code="a">حر العاملي، محمد بن الحسن،</subfield>
    <subfield code="d">1624-1693.</subfield>
    <subfield code="t">وسائل الشيعة الع تحصيل مسائل الشريعة.</subfield>
  </datafield>
  <datafield ind1="2" ind2=" " tag="880">
    <subfield code="6">710-08/r</subfield>
    <subfield code="a">مؤسسة آل البيت لاحياء التراث.</subfield>
  </datafield>
  <datafield ind1=" " ind2="0" tag="880">
    <subfield code="6">830-09/r</subfield>
    <subfield code="a">مؤسسة آل البيت لاحياء التراث (السلسلة) ؛</subfield>
    <subfield code="v">12-35</subfield>
  </datafield>
  <datafield ind1=" " ind2=" " tag="998">
    <subfield code="a">11/16/93</subfield>
    <subfield code="s">9114</subfield>
    <subfield code="n">NjP</subfield>
    <subfield code="w">DCLC89963110B</subfield>
    <subfield code="d">08/11/88</subfield>
    <subfield code="c">JCB</subfield>
    <subfield code="b">AUT</subfield>
    <subfield code="i">931116</subfield>
    <subfield code="l">NJPG</subfield>
  </datafield>
  <datafield ind1=" " ind2=" " tag="948">
    <subfield code="a">**ITEMS DONE**</subfield>
  </datafield>
  <datafield ind1=" " ind2=" " tag="911">
    <subfield code="a">19931129</subfield>
  </datafield>
  <datafield ind1=" " ind2=" " tag="912">
    <subfield code="a">19990111035852.0</subfield>
  </datafield>
  <datafield ind1=" " ind2=" " tag="994">
    <subfield code="a">C0</subfield>
    <subfield code="b">PUL</subfield>
  </datafield>
  <datafield ind1=" " ind2=" " tag="999">
    <subfield code="a">460765</subfield>
  </datafield>
  <datafield ind1="0" ind2="1" tag="852">
    <subfield code="0">501164</subfield>
    <subfield code="b">nec</subfield>
    <subfield code="t">1</subfield>
    <subfield code="h">BP193.3</subfield>
    <subfield code="i">.T333 1986</subfield>
  </datafield>
  <datafield ind1=" " ind2="0" tag="866">
    <subfield code="0">501164</subfield>
    <subfield code="8">0</subfield>
    <subfield code="a">juz 1-27 (published in 1420 [2000])</subfield>
  </datafield>
  <datafield ind1=" " ind2="0" tag="866">
    <subfield code="0">501164</subfield>
    <subfield code="8">0</subfield>
    <subfield code="x">DESIGNATOR:Juz</subfield>
  </datafield>
  <datafield ind1=" " ind2=" " tag="959">
    <subfield code="a">2000-06-13 00:00:00 -0400</subfield>
  </datafield>
</record>
